@article{TongCS17,
  author    = {Yongxin Tong and
               Lei Chen and
               Cyrus Shahabi},
  title     = {Spatial Crowdsourcing: Challenges, Techniques, and Applications},
  journal   = {{PVLDB}},
  volume    = {10},
  number    = {12},
  pages     = {1988--1991},
  year      = {2017},
}

@inproceedings{CrowdDQS,
  author    = {Asif R. Khan and
               Hector Garcia{-}Molina},
  title     = {{CrowdDQS:} Dynamic Question Selection in Crowdsourcing Systems},
  booktitle = {Proceedings of the 2017 {ACM} International Conference on Management
               of Data, {SIGMOD} Conference 2017, Chicago, IL, USA, May 14-19, 2017},
}

@inproceedings{QASCA,
  author    = {Yudian Zheng and
               Jiannan Wang and
               Guoliang Li and
               Reynold Cheng and
               Jianhua Feng},
  title     = {{QASCA:} {A} Quality-Aware Task Assignment System for Crowdsourcing
               Applications},
  booktitle = {Proceedings of the 2015 {ACM} {SIGMOD} International Conference on
               Management of Data, Melbourne, Victoria, Australia, May 31 - June
               4, 2015},
}

@inproceedings{term13,
  author    = {Jinyang Gao and
               Xuan Liu and
               Beng Chin Ooi and
               Haixun Wang and
               Gang Chen},
  title     = {An online cost sensitive decision-making method in crowdsourcing systems},
  booktitle = {Proceedings of the {ACM} {SIGMOD} International Conference on Management
               of Data, {SIGMOD} 2013, New York, NY, USA, June 22-27, 2013},
}

@inproceedings{yiu2008capacity,
  title={Capacity constrained assignment in spatial databases},
  author={Yiu, Man Lung and Mouratidis, Kyriakos and Mamoulis, Nikos and others},
  booktitle={Proceedings of the 2008 ACM SIGMOD international conference on Management of data},
  pages={15--28},
  year={2008},
  organization={ACM},
}

@inproceedings{Ho2013,
  title={Adaptive task assignment for crowdsourced classification},
  author={Ho, Chien-Ju and Jabbari, Shahin and Vaughan, Jennifer W},
  booktitle={Proceedings of the 30th International Conference on Machine Learning (ICML-13)},
  pages={534--542},
  year={2013}
}

@article{ThreePar,
  title={Computers and intractability: a guide to the theory of NP-completeness},
  author={Michael, R Garey and David, S Johnson},
  journal={WH Free. Co., San Fr},
  pages={90--91},
  year={1979},
}

@article{NaughtonRule,
  title={Scheduling with deadlines and loss functions},
  author={McNaughton, Robert},
  journal={Management Science},
  volume={6},
  number={1},
  pages={1--12},
  year={1959},
  publisher={INFORMS},
}

@article{gao2014finish,
  title={Finish them!: Pricing algorithms for human computation},
  author={Gao, Yihan and Parameswaran, Aditya},
  journal={Proceedings of the VLDB Endowment},
  volume={7},
  number={14},
  pages={1965--1976},
  year={2014},
  publisher={VLDB Endowment}
}

@inproceedings{verroios2015tdp,
  title={tdp: An optimal-latency budget allocation strategy for crowdsourced MAXIMUM operations},
  author={Verroios, Vasilis and Lofgren, Peter and Garcia-Molina, Hector},
  booktitle={Proceedings of the 2015 ACM SIGMOD International Conference on Management of Data},
  pages={1047--1062},
  year={2015},
  organization={ACM}
}

@article{haas2015clamshell,
  title={Clamshell: Speeding up crowds for low-latency data labeling},
  author={Haas, Daniel and Wang, Jiannan and Wu, Eugene and Franklin, Michael J},
  journal={Proceedings of the VLDB Endowment},
  volume={9},
  number={4},
  pages={372--383},
  year={2015},
  publisher={VLDB Endowment}
}

@article{yang2014modeling,
	author={Yang, Dingqi and Zhang, Daqing and Zheng, Vincent. W. and Yu, Zhiyong},
	journal={IEEE Transactions on Systems, Man, and Cybernetics: Systems},
	title={Modeling User Activity Preference by Leveraging User Spatial Temporal Characteristics in LBSNs},
	year={2015},
	volume={45},
	number={1},
	pages={129--142},
	ISSN={2168-2216},
	publisher={IEEE}
}